@book{Foobar,
	editor = {{Lewis, M.P.}},
	title = {A Discourse-Functional Description of Participant Reference in Biblical Hebrew Narrative},
	shorttitle = {Participant Reference},
	edition = {sixteenth edition},
	year = {2009},
	url = {http://www.ethnologue.com},
	location = {Dallas},
	publisher = {SIL International},
	bookpages = {1248},
}

@online{CRCcharter,
	author = {{CRC Churches International}},
	title = {Charter of CRC Churches International},
	urldate = {2012-10},
	url = {http://www.crcchurches.org},
}

@article{DuToit,
	author = {Du Toit, B.M.},
	title = {Gadsup Culture Hero Tales},
	journal = {The Journal of American Folklore},
	volume = {77},
	number = {306},
	year = {1964},
	pages = {315-330},
}

@report{Literacy,
	author = {ASPBAE and PEAN},
	title = {PNG Education Experience Survey and Literacy Assessment},
	subtitle = {A Report on 5 Provinces: New Ireland, NCD, Chimbu, Sandaun \& Gulf Province},
	shorttitle = {PNG Education Experience Survey},
	publisher = {ASPBAE Australia},
	year = {2011},
}


@misc{TalstraIntro,
	author = {Talstra, E.},
	title = {Text linguistics and Biblical Hebrew},
	shorttitle = {Text linguistics and Biblical Hebrew},
}

@book{Regt,
	author = {de Regt, L.J.},
	title = {Participants in Old Testament Texts and the Translator},
	subtitle = {Reference Devices and their Rhetorical Impact},
	shorttitle = {Participants in Old Testament Texts},
	series = {Studia Semitica Neerlandica},
	number = {39},
	year = {1999},
	publisher = {Brill},
	bookpages = {132},
}

@phdthesis{Runge,
	author = {Runge, S.E.},
	title = {A Discourse-Functional Description of Participant Reference in Biblical Hebrew Narrative},
	shorttitle = {Participant Reference},
	year = {2007},
	school = {University of Stellenbosch},
	bookpages = {230},
}

@phdthesis{Glanz,
	author = {Glanz, O.},
	title = {Who is speaking? Who is addressed?},
	subtitle = {A critical study into the conditions of exegetical method and its consequences for the interpretation of participant reference-shifts in the book of Jeremiah},
	shorttitle = {Who is speaking? Who is addressed?},
	year = {2010},
	school = {VU University, Amsterdam},
	bookpages = {276},
}

@phdthesis{Oosting,
	author = {Oosting, R.},
	title = {Walls of Zion and Ruins of Jerusalem},
	subtitle = {A Corpus-Linguistic View on the Participant Zion/Jerusalem in Isaiah 40-55},
	shorttitle = {Walls of Zion and Ruins of Jerusalem},
	year = {2011},
	school = {VU University, Amsterdam},
	bookpages = {335},
}

@book{Revell,
	author = {Revell, E.J.},
	title = {The Designation of the Individual},
	subtitle = {Expressive Usage in Biblical Narrative},
	shorttitle = {The Designation of the Individual},
	series = {Contributions to Biblical Exegesis and Theology},
	number = {14},
	year = {1996},
	publisher = {Kok Pharos},
	location = {Kampen},
	bookpages = {432},
}

@book{Meier,
	author = {Meier, Samuel A.},
	title = {Speaking of speaking},
	subtitle = {Marking direct discourse in the Hebrew Bible},
	shorttitle = {Speaking of speaking},
	series = {Supplements to Vetus Testamentum},
	number = {46},
	year = {1992},
	publisher = {Brill},
	location = {Leiden},
	bookpages = {XVI, 383},
}

@book{Unit4,
	editor = {{Korpel, M.C.A.} and {Oesch, J.M.}},
	title = {Unit Delimitation in Biblical Hebrew},
	subtitle = {and Northwest Semitic Literature},
	shorttitle = {Unit Delimitation},
	series = {Pericope},
	number = {4},
	year = {2003},
	publisher = {Brill},
	location = {Leiden},
	bookpages = {330},
}

@book{Unit6,
	editor = {{Korpel, M.C.A.} and {Oesch, J.M.} and {Porter, S.E.}},
	title = {Method in Unit Delimitation},
	shorttitle = {Method in Unit Delimitation},
	series = {Pericope},
	number = {6},
	year = {2007},
	publisher = {Brill},
	location = {Leiden},
	bookpages = {vii, 232},
}

@book{Unit3,
	editor = {{Korpel, M.C.A.} and {Oesch, J.M.}},
	title = {Studies in Scriptural Unit Division},
	shorttitle = {Studies in Scriptural Unit Division},
	series = {Pericope},
	number = {3},
	year = {2002},
	publisher = {Brill},
	location = {Leiden},
	bookpages = {296},
}

@book{Schneider,
	editor = {Talstra, Eep},
	title = {Narrative and comment},
	subtitle = {Contributions to discourse grammar and biblical Hebrew presented to Wolfgang Schneider on the occasion of his retirement as a lecturer of Biblical Hebrew at the Theologische Hochschule in Wuppertal},
	shorttitle = {Narrative and comment},
	year = {1995},
	publisher = {Societas Hebraica Amstelodamensis},
	location = {Amsterdam},
	bookpages = {214},
}

@book{Cornish,
	author = {Cornish, Francis},
	title = {Anaphora, discourse, and understanding: evidence from English and French},
	shorttitle = {Anaphora, discourse and understanding},
	series = {Oxford linguistics},
	year = {1999},
	publisher = {Clarendon Press},
	location = {Oxford},
	bookpages = {XVI + 277},
}

@book{SILDiscourse,
	author = {{Dooley, Robert A.} and {Levinsohn, Stephen H.}},
	title = {Analyzing Discourse: A Manual of Basic Concepts},
	shorttitle = {Analyzing Discourse},
	year = {2000},
	publisher = {SIL International},
	bookpages = {87},
}

@article{BibleTranslator,
	author = {Wenger, Rachelle},
	title = {Redundancy is Information: The Literary Function of Participant Reference in Biblical Hebrew Narrative},
	journal = {The Bible Translator},
	volume = {63},
	number = {4},
	year = {2012},
	pages = {179-184},
	url = {http://tbt.sagepub.com/content/63/4/179},
	DOI = {10.1177/026009351206300401},
}

@article{JNSL,
	author = {Peursen, W. van},
	title = {Participant Reference in Genesis 37},
	journal = {Journal of Northwest Semitic Languages},
	volume = {39},
	number = {1},
	year = {2013},
	pages = {85-102},
}

@article{Politeness,
	author = {Warren-Rothlin, Andy},
	title = {Politeness Strategies in Biblical Hebrew and West African Languages},
	journal = {Journal of Translation},
	volume = {3},
	number = {1},
	year = {2007},
	pages = {55-71},
}

@article{Runge1,
	author = {Runge, S.E.},
	title = {Pragmatic   Effects   of   Semantically   Redundant   Anchoring 
Expressions in Biblical Hebrew Narrative},
	shorttitle = {Pragmatic Effects},
	journal = {Journal of Northwest Semitic Languages},
	volume = {32},
	number = {2},
	year = {2006},
	pages = {87-104},
}

@article{Challenges,
	author = {Peursen, W. van},
	title = {Challenges to the creation and use of a text database for the analysis of participant reference in the Hebrew Bible},
	shorttitle = {Challenges},
	journal = {Digital Humanities Quarterly},
	volume = {},
	number = {},
	year = {forthcoming},
	pages = {},
}

@inbook{Miller,
	author = {Miller, Cynthia L.},
	title = {Introducing Direct Discourse in Biblical Hebrew Narrative},
	shorttitle = {Introducing Direct Discourse},
	pages = {199-241},
	editor = {Bergen, Robert D.},
	booktitle = {Biblical Hebrew and Discourse Linguistics},
	bookshorttitle = {Biblical Hebrew and Discourse Linguistics},
	year = {1994},
	location = {Dallas, USA},
	publisher = {Summer Institute of Linguistics},
	bookpages = {560},
}

@inbook{Winther,
	author = {Winther-Nielsen, Nicolai},
	title = {The Miraculous Grammar of Joshua 3-4},
	shorttitle = {Miraculous Grammar},
	pages = {300-319},
	editor = {Bergen, Robert D.},
	booktitle = {Biblical Hebrew and Discourse Linguistics},
	bookshorttitle = {Biblical Hebrew and Discourse Linguistics},
	year = {1994},
	location = {Dallas, USA},
	publisher = {Summer Institute of Linguistics},
	bookpages = {560},
}

@inbook{Bergen,
	author = {Bergen, Robert D.},
	title = {Evil Spirits and Eccentric Grammar},
	shorttitle = {Evil Spirits and Eccentric Grammar},
	pages = {320-335},
	editor = {Bergen, Robert D.},
	booktitle = {Biblical Hebrew and Discourse Linguistics},
	bookshorttitle = {Biblical Hebrew and Discourse Linguistics},
	year = {1994},
	location = {Dallas, USA},
	publisher = {Summer Institute of Linguistics},
	bookpages = {560},
}

@book{Joseph,
    author = {Longacre, Robert E.},
    title = {Joseph: a story of divine providence},
    shorttitle = {Joseph},
    subtitle = {A text theoretical an textlinguistic analysis of Genesis 37 and 39-48},
    year = {1989},
    location = {Winona Lake},
    publisher = {Eisenbrauns},
    bookpages = {322},
}

@inbook{Hwang,
	author = {{Longacre, Robert E.} and {Hwang, Shin Ja J.}},
	title = {A Textlinguistic Approach to the Biblical Hebrew Narrative of Jonah},
	shorttitle = {A Textlinguistic Approach},
	pages = {336-358},
	editor = {Bergen, Robert D.},
	booktitle = {Biblical Hebrew and Discourse Linguistics},
	bookshorttitle = {Biblical Hebrew and Discourse Linguistics},
	year = {1994},
	location = {Dallas, USA},
	publisher = {Summer Institute of Linguistics},
	bookpages = {560},
}

@inbook{Ljungberg,
	author = {Ljungberg, Bo-Krister},
	title = {Genre and Form Criticism in Old Testament Exegesis},
	shorttitle = {Genre and Form Criticism},
	pages = {300-319},
	editor = {Bergen, Robert D.},
	booktitle = {Biblical Hebrew and Discourse Linguistics},
	bookshorttitle = {Biblical Hebrew and Discourse Linguistics},
	year = {1994},
	location = {Dallas, USA},
	publisher = {Summer Institute of Linguistics},
	bookpages = {560},
}

	



